@misc{Pandya2025,
   author = {Jignen Pandya},
   month = {8},
   title = {Types of Widgets in Flutter: The Ultimate Guide (With Examples)},
   url = {https://www.expertappdevs.com/blog/why-knowledge-of-types-of-widgets-in-flutter-is-the-key-to-learning-the-flutter-development},
   year = {2025}
}
@misc{Tllez2024,
   author = {Jaime Téllez},
   month = {1},
   title = {Flutter — StatelessWidget y StatefulWidget | by Jaime Alberto Téllez Bohórquez | Medium},
   url = {https://medium.com/@jaimetellezb/flutter-statelesswidget-y-statefulwidget-2996883f2993},
   year = {2024}
}
@misc{FlutterDocs2025,
   author = {Flutter Docs},
   title = {Widgets | Flutter},
   url = {https://docs.flutter.dev/get-started/fundamentals/widgets},
   year = {2025}
}
@misc{Gill2025,
   author = {Navdeep Gill},
   month = {3},
   title = {Flutter Widgets List and Hierarchy | An Essential Guide},
   url = {https://www.xenonstack.com/insights/flutter-widgets-list},
   year = {2025}
}
@misc{Nwogu2023,
   author = {Justice Nwogu},
   month = {7},
   title = {Understanding State Management in Flutter (part 1) - Semaphore},
   url = {https://semaphore.io/blog/state-management-flutter},
   year = {2023}
}
